@online{kongull,
author = {Einar Næss Jensen},
title = {Hardware},
year = {2010},
howpublished = "\url{http://docs.notur.no/Members/hrn/kongull.hpc.ntnu.no/kongull-hardware-1/hardware}",
url = {http://docs.notur.no/Members/hrn/kongull.hpc.ntnu.no/kongull-hardware-1/hardware},
month = {May},
OPTurldate = {14. {A}pril 2013},
}

@misc{lecturenotes,
author = {{E}inar M. {R}ønquist},
title = {Lecture notes in {TMA}4280},
year = {2011,2012},
}


